<?xml version="1.0" encoding="UTF-8"?><collection xmlns="http://www.loc.gov/MARC21/slim"><record><leader>00424nam--2200169-i-4500</leader><controlfield tag="001">000012037</controlfield><controlfield tag="002">20161230</controlfield><controlfield tag="005">20161230201029</controlfield><controlfield tag="008">060222s1000------------r-----000-0-rus-d</controlfield><datafield ind1=" " ind2=" " tag="040"><subfield code="a">IFIN-HH</subfield></datafield><datafield ind1=" " ind2=" " tag="041"><subfield code="a">rus</subfield></datafield><datafield ind1=" " ind2=" " tag="080"><subfield code="a">539.12.047</subfield></datafield><datafield ind1="1" ind2=" " tag="110"><subfield code="a">Akademia Nauk Uzbekskoi SSR</subfield></datafield><datafield ind1="1" ind2="0" tag="245"><subfield code="a">Radiationnie effekti v monokristallah</subfield></datafield><datafield ind1=" " ind2=" " tag="260"><subfield code="a">Taskent</subfield><subfield code="b">Fan</subfield><subfield code="c">1973</subfield></datafield><datafield ind1=" " ind2=" " tag="852"><subfield code="a">42476</subfield><subfield code="c">539.12.04</subfield></datafield><datafield ind1=" " ind2=" " tag="CAT"><subfield code="a">Sys</subfield><subfield code="c">20120207</subfield><subfield code="h">154317</subfield></datafield></record></collection>